@misc{logspace,
	Author = {Aggelos Kiayias and Nikos Leonardos and Dionysis Zindros},
	Title = {Blockchain Mining in Logarithmic Space},
  Year = {2019}
}

@misc{nipopows,
	Author = {Kiayias, Aggelos and Miller, Andrew and Zindros, Dionysis},
	Title = {Non-Interactive Proofs of Proof-of-Work},
	Year = {2017},
	institution={Cryptology ePrint Archive, Report 2017/963, 2017. Accessed: 2017-10-03}}

@inproceedings{velvet,
	Author = {Zamyatin, Alexei and Stifter, Nicholas and Judmayer, Aljosha and Schindler, Philipp and Weippl, Edgar and Knottenbelt, William and Zamyatin, Alexei},
	Booktitle = {International Conference on Financial Cryptography and Data Security},
	Organization = {Springer},
	Title = {A Wild Velvet Fork Appears! Inclusive Blockchain Protocol Changes in Practice},
	Year = {2018}}

@inproceedings{popow,
  title={Proofs of proofs of work with sublinear complexity},
  author={Kiayias, Aggelos and Lamprou, Nikolaos and Stouka, Aikaterini-Panagiota},
  booktitle={International Conference on Financial Cryptography and Data Security},
  pages={61--78},
  year={2016},
  organization={Springer},
	publisher={Springer}
}

@inproceedings{compactsuperblocks,
  title={Compact Storage of Superblocks for NIPoPoW Applications},
  booktitle={The 1st International Conference on Mathematical Research for Blockchain Economy},
  author={Karantias, Kostis and Kiayias, Aggelos and Zindros, Dionysis},
  organization={Springer Nature},
  year={2019}}

@MastersThesis{gtklocker,
  author={Kostis Karantias},
  title={{Enabling NIPoPoW Applications on Bitcoin Cash}},
  school={University of Ioannina},
  address={Ioannina, Greece},
  year={2019}}

@article{flyclient,
	Author = {Benedikt B{\"u}nz and Lucianna Kiffer and Loi Luu and Mahdi Zamani},
	Date-Added = {2019-02-25},
	Journal = {{IACR} Cryptology ePrint Archive},
	Title = {Flyclient: Super-Light Clients for Cryptocurrencies},
	Url = {https://eprint.iacr.org/2019/226},
	Volume = {2019},
	Year = {2019},
	Bdsk-Url-1 = {https://eprint.iacr.org/2019/226}}

@article{bitcoin,
	Author = {Nakamoto, Satoshi},
	Title = {Bitcoin: A peer-to-peer electronic cash system},
	Year = {2008}}
  
@inproceedings{pow-sidechains,
  title={Proof-of-Work Sidechains},
  author={Kiayias, Aggelos and Zindros, Dionysis},
	booktitle={International Conference on Financial Cryptography and Data Security},
	organization={Springer},
	publisher={Springer},
	year={2019}
}
